<?xml version="1.0" encoding="UTF-8"?><record xmlns="http://www.loc.gov/MARC21/slim" xmlns:cinclude="http://apache.org/cocoon/include/1.0" xmlns:zs="http://www.loc.gov/zing/srw/">
  <leader>00464nz  a2200157n  4500</leader>
  <controlfield tag="001">no2015092674</controlfield>
  <controlfield tag="003">DLC</controlfield>
  <controlfield tag="005">20150716073532.0</controlfield>
  <controlfield tag="008">150715n| azannaabn          |n ana     c</controlfield>
  <datafield tag="010" ind1=" " ind2=" ">
    <subfield code="a">no2015092674</subfield>
  </datafield>
  <datafield tag="035" ind1=" " ind2=" ">
    <subfield code="a">(OCoLC)oca10217760</subfield>
  </datafield>
  <datafield tag="040" ind1=" " ind2=" ">
    <subfield code="a">NjP</subfield>
    <subfield code="b">eng</subfield>
    <subfield code="e">rda</subfield>
    <subfield code="c">NjP</subfield>
  </datafield>
  <datafield tag="110" ind1="2" ind2=" ">
    <subfield code="a">Galerie Michael Heufelder</subfield>
  </datafield>
  <datafield tag="368" ind1=" " ind2=" ">
    <subfield code="a">Art galleries, Commercial</subfield>
    <subfield code="2">lcsh</subfield>
  </datafield>
  <datafield tag="370" ind1=" " ind2=" ">
    <subfield code="e">Munich (Germany)</subfield>
    <subfield code="2">naf</subfield>
  </datafield>
  <datafield tag="670" ind1=" " ind2=" ">
    <subfield code="a">Szilard Huszank, 2015:</subfield>
    <subfield code="b">colophon (Galerie Michael Heufelder, MuĚnchen)</subfield>
  </datafield>
</record>